@article{lim2009coupling,
  title={Coupling-induced spiking coherence in coupled subthreshold neurons},
  author={Lim, Woochang and Kim, Sang-Yoon},
  journal={International Journal of Modern Physics B},
  volume={23},
  number={09},
  pages={2149--2157},
  year={2009},
  publisher={World Scientific}
}

@article{tiesinga2004rapid,
  title={Rapid temporal modulation of synchrony by competition in cortical interneuron networks},
  author={Tiesinga, Paul HE and Sejnowski, Terrence J},
  journal={Neural computation},
  volume={16},
  number={2},
  pages={251--275},
  year={2004},
  publisher={MIT Press}
}

@book{glass1988clocks,
	title={From clocks to chaos: The rhythms of life},
	author={Glass, Leon and Mackey, Michael C},
	year={1988},
	publisher={Princeton University Press}
}

@article{motter2013spontaneous,
	title={Spontaneous synchrony in power-grid networks},
	author={Motter, Adilson E and Myers, Seth A and Anghel, Marian and Nishikawa, Takashi},
	journal={Nature Physics},
	volume={9},
	number={3},
	pages={191},
	year={2013},
	publisher={Nature Publishing Group}
}

@article{axmacher2006memory,
	title={Memory formation by neuronal synchronization},
	author={Axmacher, Nikolai and Mormann, Florian and Fern{\'a}ndez, Guillen and Elger, Christian E and Fell, Juergen},
	journal={Brain research reviews},
	volume={52},
	number={1},
	pages={170--182},
	year={2006},
	publisher={Elsevier}
}

@article{missonnier2006frontal,
	title={Frontal theta event-related synchronization: comparison of directed attention and working memory load effects},
	author={Missonnier, P and Deiber, M-P and Gold, G and Millet, P and Pun, M Gex-Fabry and Fazio-Costa, L and Giannakopoulos, P and Ib{\'a}{\~n}ez, V},
	journal={Journal of Neural Transmission},
	volume={113},
	number={10},
	pages={1477--1486},
	year={2006},
	publisher={Springer}
}

@article{bartlett1959synchronization,
	title={Synchronization of a motor response with an anticipated sensory event.},
	author={Bartlett, Neil R and Bartlett, Susan C},
	journal={Psychological review},
	volume={66},
	number={4},
	pages={203},
	year={1959},
	publisher={American Psychological Association}
}
@article{traub1982cellular,
	title={Cellular mechanism of neuronal synchronization in epilepsy},
	author={Traub, Roger D and Wong, RK},
	journal={Science},
	volume={216},
	number={4547},
	pages={745--747},
	year={1982},
	publisher={American Association for the Advancement of Science}
}

@article{ermentrout1996type,
	title={Type {I} membranes, phase resetting curves, and synchrony},
	author={Ermentrout, Bard},
	journal={Neural computation},
	volume={8},
	number={5},
	pages={979--1001},
	year={1996},
	publisher={MIT Press}
}


@article{rodriguez2004short,
	title={Short-and long-term effects of cholinergic modulation on gamma oscillations and response synchronization in the visual cortex},
	author={Rodriguez, Rosa and Kallenbach, Ulrich and Singer, Wolf and Munk, Matthias HJ},
	journal={Journal of Neuroscience},
	volume={24},
	number={46},
	pages={10369--10378},
	year={2004},
	publisher={Soc Neuroscience}
}
@article{auerbach1996muscarinic,
	title={Muscarinic receptors mediating depression and long-term potentiation in rat hippocampus.},
	author={Auerbach, Jonathan M and Segal, Menahem},
	journal={The Journal of Physiology},
	volume={492},
	number={2},
	pages={479--493},
	year={1996},
	publisher={Wiley Online Library}
}
@article{pecora1998master,
	title={Master stability functions for synchronized coupled systems},
	author={Pecora, Louis M and Carroll, Thomas L},
	journal={Physical review letters},
	volume={80},
	number={10},
	pages={2109},
	year={1998},
	publisher={APS}
}

@article{arenas2008synchronization,
	title={Synchronization in complex networks},
	author={Arenas, Alex and D{\'\i}az-Guilera, Albert and Kurths, Jurgen and Moreno, Yamir and Zhou, Changsong},
	journal={Physics reports},
	volume={469},
	number={3},
	pages={93--153},
	year={2008},
	publisher={Elsevier}
}

@article{barahona2002synchronization,
	title={Synchronization in small-world systems},
	author={Barahona, Mauricio and Pecora, Louis M},
	journal={Physical review letters},
	volume={89},
	number={5},
	pages={054101},
	year={2002},
	publisher={APS}
}

@article{shen2002network,
	title={Network motifs in the transcriptional regulation network of Escherichia coli},
	author={Shen-Orr, Shai S and Milo, Ron and Mangan, Shmoolik and Alon, Uri},
	journal={Nature genetics},
	volume={31},
	number={1},
	pages={64},
	year={2002},
	publisher={Nature Publishing Group}
}

@article{prvzulj2004modeling,
	title={Modeling interactome: scale-free or geometric?},
	author={Pr{\v{z}}ulj, Nata{\v{s}}a and Corneil, Derek G and Jurisica, Igor},
	journal={Bioinformatics},
	volume={20},
	number={18},
	pages={3508--3515},
	year={2004},
	publisher={Oxford University Press}
}

@article{hooshangi2006effect,
	title={The effect of negative feedback on noise propagation in transcriptional gene networks},
	author={Hooshangi, Sara and Weiss, Ron},
	journal={Chaos: An Interdisciplinary Journal of Nonlinear Science},
	volume={16},
	number={2},
	pages={026108},
	year={2006},
	publisher={AIP}
}
@article{son2009dynamics,
	title={Dynamics and directionality in complex networks},
	author={Son, Seung-Woo and Kim, Beom Jun and Hong, Hyunsuk and Jeong, Hawoong},
	journal={Physical review letters},
	volume={103},
	number={22},
	pages={228702},
	year={2009},
	publisher={APS}
}

@article{toroczkai2004network,
	title={Network dynamics: Jamming is limited in scale-free systems},
	author={Toroczkai, Zolt{\'a}n and Bassler, Kevin E},
	journal={Nature},
	volume={428},
	number={6984},
	pages={716},
	year={2004},
	publisher={Nature Publishing Group}
}

@article{zeng2011enhancing,
	title={Enhancing synchronization by directionality in complex networks},
	author={Zeng, An and Son, Seung-Woo and Yeung, Chi Ho and Fan, Ying and Di, Zengru},
	journal={Physical Review E},
	volume={83},
	number={4},
	pages={045101},
	year={2011},
	publisher={APS}
}

@book{kuramoto2003chemical,
	title={Chemical oscillations, waves, and turbulence},
	author={Kuramoto, Yoshiki},
	year={1984},
	volume={83},	
	publisher={Springer-Verlag Berlin Heidelberg},
	doi={10.1007/978-3-642-69689-3}
}

@article{wang1996gamma,
	title={Gamma oscillation by synaptic inhibition in a hippocampal interneuronal network model},
	author={Wang, Xiao-Jing and Buzs{\'a}ki, Gy{\"o}rgy},
	journal={Journal of neuroscience},
	volume={16},
	number={20},
	pages={6402--6413},
	year={1996},
	publisher={Soc Neuroscience}
}

@book{izhikevich2007dynamical,
	title={Dynamical systems in neuroscience},
	author={Izhikevich, Eugene M},
	year={2007},
	publisher={MIT press}
}

@article{tiitinen1993selective,
	title={Selective attention enhances the auditory 40-Hz transient response in humans},
	author={Tiitinen, HT and Sinkkonen, J and Reinikainen, K and Alho, Kimmo and Lavikainen, J and N{\"a}{\"a}t{\"a}nen, R},
	journal={Nature},
	volume={364},
	number={6432},
	pages={59},
	year={1993},
	publisher={Nature Publishing Group}
}

@article{reid2004firing,
	title={Firing patterns of type II spiral ganglion neurons in vitro},
	author={Reid, Michael A and Flores-Otero, Jacqueline and Davis, Robin L},
	journal={Journal of Neuroscience},
	volume={24},
	number={3},
	pages={733--742},
	year={2004},
	publisher={Soc Neuroscience}
}

@article{stiefel2008cholinergic,
	title={Cholinergic neuromodulation changes phase response curve shape and type in cortical pyramidal neurons},
	author={Stiefel, Klaus M and Gutkin, Boris S and Sejnowski, Terrence J},
	journal={PloS one},
	volume={3},
	number={12},
	pages={e3947},
	year={2008},
	publisher={Public Library of Science}
}


@article{stiefel2009effects,
	title={The effects of cholinergic neuromodulation on neuronal phase-response curves of modeled cortical neurons},
	author={Stiefel, Klaus M and Gutkin, Boris S and Sejnowski, Terrence J},
	journal={Journal of computational neuroscience},
	volume={26},
	number={2},
	pages={289--301},
	year={2009},
	publisher={Springer}
}

@article{Mofakham2018,
	author = {Mofakham, Sima and Fink, Christian G and Booth, Victoria and Zochowski, Michal R and Arbor, Ann and Program, Neuroscience and Arbor, Ann and Arbor, Ann},
	doi = {10.1103/PhysRevE.94.042427.Interplay},
	file = {:home/abolfazl/active-projects/NeuroScience/Mendeley{\_}papers/Mofakham et al. - 2018 - Interplay between excitability type and distributions of neuronal connectivity determines neuronal network sync.pdf:pdf;:home/abolfazl/active-projects/NeuroScience/Mendeley{\_}papers/nihms946302.pdf:pdf},
	mendeley-groups = {Neural networks/Type I II},
	number = {i},
	pages = {1--18},
	title = {{Interplay between excitability type and distributions of neuronal connectivity determines neuronal network synchronization}},
	volume = {94},
	year = {2018}
}
